@article{golzar,
	author={Taliya I. Golzar},
	title={An Economic Analysis of Marijuana Legalization in Florida},
	year="2015"
}

@article{becker,
	author = {Gary S. Becker and Kevin M. Murphy},
	publisher = {University of Chicago Press},
 	title = {A Theory of Rational Addiction},
 	volume = {96},
 	year = {1988},
 	journal = {Journal of Political Economy},
 	number = {4},
 	pages = {675-700},
}