@article{golzar,
	author="Taliya I. Golzar",
	title="An Economic Analysis of Marijuana Legalization in Florida",
	year="2015"
}

@article{halcoussis,
	author="Dennis Halcoussis and Anton D. Lowenberg and Zach Roof",
	title="Estimating the Price Elasticity of Demand for Cannabis: A Geographical and Crowdsourced Approach",
	year="2017",
	journal={Revista de Métodos Cuantitativos para la Economía y la Empresa}, pages={119-136}
	
}

@book{clements,
	author="Kenneth W. Clements and Xueyan Zhao",
	title="Economics and Marijuana, Consumption, Pricing and Legalisation",
	year="2009",
	publisher="Cambridge University Press"
}

@misc{gmel,
	author="Gerhard Gmel and Hervé Kuendig and Luca Notari and Christiane Gmel",
	organization="Suchtmonitoring Schweiz",
	title="Konsum von Alkohol, Tabak und illegalen Drogen in der Schweiz im Jahr 2016",
	howpublished = {\url{https://www.suchtmonitoring.ch/docs/library/gmel_5lbj5rqv9y5i.pdf}},
	year="2017"
}

@article{fahrenkrug,
	author="Hermann Fahrenkrug and Richard Müller and Sandra Müller",
	title="Cannabis in der Schweiz: Eine Droge auf der Schwelle zum legalen Rauschmittel",
	year="2001"

}